<record><leader>00000cas a2200000 a 4500</leader><controlfield tag="001">46834697</controlfield><controlfield tag="008">010427c20019999akuwr ne      0    0eng d</controlfield><controlfield tag="009">8093</controlfield><datafield ind1=" " ind2=" " tag="010"><subfield code="a">sn2002058023</subfield></datafield><datafield ind1=" " ind2=" " tag="040"><subfield code="a">ALK</subfield><subfield code="b">eng</subfield><subfield code="c">ALK</subfield><subfield code="d">DLC</subfield><subfield code="d">OCLCQ</subfield></datafield><datafield ind1=" " ind2=" " tag="043"><subfield code="a">n-us-ak</subfield></datafield><datafield ind1="0" ind2="0" tag="245"><subfield code="a">Eagle eye news.</subfield></datafield><datafield ind1=" " ind2=" " tag="260"><subfield code="a">Haines, Alaska :</subfield><subfield code="b">Eagle Eye, Inc.,</subfield><subfield code="c">c2001-</subfield></datafield><datafield ind1=" " ind2=" " tag="300"><subfield code="a">v.</subfield></datafield><datafield ind1=" " ind2=" " tag="310"><subfield code="a">Weekly</subfield></datafield><datafield ind1="0" ind2=" " tag="362"><subfield code="a">Vol. 5, no. 13 (Mar. 31/Apr. 6, 2001)-</subfield></datafield><datafield ind1=" " ind2="0" tag="651"><subfield code="a">Haines (Alaska)</subfield><subfield code="v">Newspapers.</subfield></datafield><datafield ind1=" " ind2=" " tag="752"><subfield code="a">United States</subfield><subfield code="b">Alaska</subfield><subfield code="d">Haines.</subfield></datafield><datafield ind1="0" ind2="0" tag="780"><subfield code="t">Eagle eye (Haines, Alaska)</subfield><subfield code="w">(DLC)sn 98060211</subfield><subfield code="w">(OCoLC)38298019</subfield></datafield></record>